@article{kitchenham2004procedures,
  title={Procedures for performing systematic reviews},
  author={Kitchenham, Barbara},
  journal={Keele, UK, Keele University},
  volume={33},
  number={2004},
  pages={1--26},
  year={2004},
  publisher={Citeseer}
}

@article{lu2021eagle,
  title={Eagle: CFL-reachability-based precision-preserving acceleration of object-sensitive pointer analysis with partial context sensitivity},
  author={Lu, Jingbo and He, Dongjie and Xue, Jingling},
  journal={ACM Transactions on Software Engineering and Methodology (TOSEM)},
  volume={30},
  number={4},
  pages={1--46},
  year={2021},
  publisher={ACM New York, NY, USA}
}

@phdthesis{lu2020precision,
  title={Precision-Preserving Acceleration of Object-Sensitive Pointer Analysis with CFL-Reachability},
  author={Lu, Jingbo},
  year={2020},
  school={UNSW Sydney}
}